
%Author Surname, Author Initial. (Year Published). Title. [online] Available at: http://Website URL [Accessed Date Accessed].


@misc{freedman_2017, title={Self-Driving Trucks}, howpublished={\url{https://www.technologyreview.com/s/603493/10-breakthrough-technologies-2017-self-driving-trucks/}}, journal={MIT Technology Review}, publisher={MIT Technology Review}, author={D. Freedman}, year=2018, month=Dec} 

@techreport{gartner2018,
   author={D. Cearley,
B. Burke,
S. Searle,
M. Walker\},
   title={Top 10 Strategic Technology Trends for 
2018},
   institution={Gartner},
   year=2017
}

@misc{forbes, title={2017 Roundup Of Internet Of Things Forecasts}, howpublished={\url{https://www.forbes.com/sites/louiscolumbus/2017/12/10/2017-roundup-of-internet-of-things-forecasts/#3bbf16791480/}}, publisher={Forbes}, author={ L. Columbus}, year=2018, month=Dec} 

@misc{ihs-markit, title={Number of Connected IoT Devices Will Surge to 125 Billion by 2030, IHS Markit Says}, howpublished={\url{https://technology.ihs.com/596542/number-of-connected-iot-devices-will-surge-to-125-billion-by-2030-ihs-markit-says}}, publisher={IHS Markit}, author={J. Howell}, year=2018, month=Dec} 

@misc{statista, title={Number of smartphone users worldwide from 2014 to 2020 (in billions)}, howpublished={\url{https://www.statista.com/statistics/330695/number-of-smartphone-users-worldwide/}}, publisher={Statista}, year=2018, month=Dec} 

@INPROCEEDINGS{7069995,
author={F. J. Riggins and S. F. Wamba},
booktitle={2015 48th Hawaii International Conference on System Sciences},
title={Research Directions on the Adoption, Usage, and Impact of the Internet of Things through the Use of Big Data Analytics},
year={2015},
volume={},
number={},
pages={1531-1540},
keywords={Big Data;data analysis;Internet of Things;social aspects of automation;Internet of Things;IoT adoption;IoT usage;IoT impact;Big Data analytics;behavioral issues;organizational issues;business issues;networks of things;individual levels;organization levels;industry levels;society levels;Internet of things;Big data;Radiofrequency identification;Industries;Organizations;IEEE Potentials;Internet of Things;big data;business analytics},
doi={10.1109/HICSS.2015.186},
ISSN={1530-1605},
month={Jan},}

@inproceedings {203628,
author = {M. Antonakakis and T. April and M. Bailey and M. Bernhard and E. Bursztein and J. Cochran and Z. Durumeric and J. Halderman and L. Invernizzi and M. Kallitsis and D. Kumar and C. Lever and Z. Ma and J. Mason and D. Menscher and C. Seaman and N. Sullivan and K. Thomas and Y. Zhou},
title = {Understanding the Mirai Botnet},
booktitle = {26th {USENIX} Security Symposium ({USENIX} Security 17)},
year = {2017},
isbn = {978-1-931971-40-9},
address = {Vancouver, BC},
pages = {1093--1110},
url = {https://www.usenix.org/conference/usenixsecurity17/technical-sessions/presentation/antonakakis},
publisher = {{USENIX} Association},
}

@misc{iotm, title={IoT demographics matter, new research shows}, howpublished={\url{https://www.iotm2mcouncil.org/imcdemog/}}, publisher={IoT M2M Council (IMC)},  author={S. Rogerson}, year=2018, month=Dec} 

@INPROCEEDINGS{8071577,
author={J. Khan},
booktitle={2017 Third International Conference on Sensing, Signal Processing and Security (ICSSS)},
title={Vehicle network security testing},
year={2017},
volume={},
number={},
pages={119-123},
keywords={computer network security;internetworking;message authentication;vehicular ad hoc networks;vehicle network security testing;in-vehicle networks;white box approach;black box approach;grey box approach;pattern decoding;message authentication;V2V V2X loopholes;security loophole;gateway module security testing;in-vehicle network security implementation;Payloads;Testing;Authentication;Communication networks;Message authentication;Protocols;Security;Vehicle;Network;Testing;ECU;CAN;Ethernet;V2V;V2X;diagnostics security;gateway security;patterns},
doi={10.1109/SSPS.2017.8071577},
ISSN={},
month={May},}

@book{cookbook,
 author = {A. Guzman and A. Gupta},
 title = {IoT Penetration Testing Cookbook: Identify Vulnerabilities and Secure Your Smart Devices},
 year = {2017},
 isbn = {1787280578, 9781787280571},
 publisher = {Packt Publishing},
} 

@misc{github, title={IoT Pentesting 101 \&\& IoT security 101}, howpublished={\url{https://github.com/V33RU/IoTSecurity101}}, author={V33RU}, year=2018, month=Dec} 

@inproceedings{Zhao:2013:SIT:2584913.2585964,
 author = {K. Zhao and L. Ge},
 title = {A Survey on the Internet of Things Security},
 booktitle = {Proceedings of the 2013 Ninth International Conference on Computational Intelligence and Security},
 series = {CIS '13},
 year = {2013},
 isbn = {978-1-4799-2549-0},
 pages = {663--667},
 numpages = {5},
 url = {https://doi.org/10.1109/CIS.2013.145},
 doi = {10.1109/CIS.2013.145},
 acmid = {2585964},
 publisher = {IEEE Computer Society},
 address = {Washington, DC, USA},
 keywords = {Internet of Things, Internet of Things Security, perception layer},
} 



@article{DBLP:journals/corr/ShaikBANS15,
  author    = {A. Shaik and
               R. Borgaonkar and
               N. Asokan and
               V. Niemi and
               J. Seifert},
  title     = {Practical attacks against privacy and availability in 4G/LTE mobile
               communication systems},
  journal   = {CoRR},
  volume    = {abs/1510.07563},
  year      = {2015},
  url       = {http://arxiv.org/abs/1510.07563},
  archivePrefix = {arXiv},
  eprint    = {1510.07563},
  timestamp = {Mon, 13 Aug 2018 16:48:44 +0200},
  biburl    = {https://dblp.org/rec/bib/journals/corr/ShaikBANS15},
  bibsource = {dblp computer science bibliography, https://dblp.org}
}

@book{user,
  author    = {L. Constantine, L. Lockwood}, 
  title     = {Software for use: a practical guide to the models and methods of usage-centered design},
  publisher = {Pearson Education},
  year      = 2004,
  edition   = 4,
  month     = 4,
  isbn      = {0201924781}
}

@article{DBLP:journals/corr/MendezPY17,
  author    = {D. Mendez and
               I. Papapanagiotou and
               B. Yang},
  title     = {Internet of Things: Survey on Security and Privacy},
  journal   = {CoRR},
  volume    = {abs/1707.01879},
  year      = {2017},
  url       = {http://arxiv.org/abs/1707.01879},
  archivePrefix = {arXiv},
  eprint    = {1707.01879},
  timestamp = {Mon, 13 Aug 2018 16:47:54 +0200},
  biburl    = {https://dblp.org/rec/bib/journals/corr/MendezPY17},
  bibsource = {dblp computer science bibliography, https://dblp.org}}
  
  @inproceedings{riahi:hal-00868362,
  TITLE = {{A Systemic Approach for IoT Security}},
  AUTHOR = {R. Arbia and C. Yacine and N. Enrico and C. Zied and B. Abdelmadjid},
  URL = {https://hal.archives-ouvertes.fr/hal-00868362},
  BOOKTITLE = {{DCOSS}},
  ADDRESS = {Boston, United States},
  HAL_LOCAL_REFERENCE = {5},
  EDITOR = {IEEE},
  PAGES = {351-355},
  YEAR = {2013},
  DOI = {10.1109/DCOSS.2013.78},
  PDF = {https://hal.archives-ouvertes.fr/hal-00868362/file/1569748083.pdf},
  HAL_ID = {hal-00868362},
  HAL_VERSION = {v1},
}

@inproceedings {191952,
author = {Y. Minn Pa Pa and S. Suzuki and K. Yoshioka and T. Matsumoto and T. Kasama and C. Rossow},
title = {IoTPOT: Analysing the Rise of IoT Compromises},
booktitle = {9th {USENIX} Workshop on Offensive Technologies ({WOOT} 15)},
year = {2015},
address = {Washington, D.C.},
url = {https://www.usenix.org/conference/woot15/workshop-program/presentation/pa},
publisher = {{USENIX} Association},
}

@article{DBLP:journals/corr/abs-1803-05022,
  author    = {F. Restuccia and
               S. D'Oro and
               T. Melodia},
  title     = {Securing the Internet of Things: New Perspectives and Research Challenges},
  journal   = {CoRR},
  volume    = {abs/1803.05022},
  year      = {2018},
  url       = {http://arxiv.org/abs/1803.05022},
  archivePrefix = {arXiv},
  eprint    = {1803.05022},
  timestamp = {Mon, 13 Aug 2018 16:46:15 +0200},
  biburl    = {https://dblp.org/rec/bib/journals/corr/abs-1803-05022},
  bibsource = {dblp computer science bibliography, https://dblp.org}
}

@misc{attify, title={IoT Penetration Testing}, howpublished={\url{https://www.attify.com/iot-security-pentesting/}}, publisher={Attify }, year=2018, month=Dec} 

@book{2007:WAH:1406550,
 title = {The Web Application Hacker's Handbook: Discovering and Exploiting Security Flaws},
 year = {2007},
 isbn = {9780470170779},
 publisher = {John Wiley \& Sons, Inc.},
 address = {New York, NY, USA},
key = {{$\!\!$}} ,
} 

@misc{dread, title={Qualitative Risk Analysis with the DREAD Model}, howpublished={\url{https://resources.infosecinstitute.com/qualitative-risk-analysis-dread-model/}}, publisher={Infosec Institute}, author={D. Czagan}, year=2018, month=Dec} 

@ARTICLE{4359944,
author={R. Bruno and M. Conti and E. Gregori},
journal={IEEE Transactions on Mobile Computing},
title={Throughput Analysis and Measurements in IEEE 802.11 WLANs with TCP and UDP Traffic Flows},
year={2008},
volume={7},
number={2},
pages={171-186},
keywords={access protocols;Markov processes;telecommunication congestion control;telecommunication traffic;transport protocols;wireless LAN;IEEE 802.11 WLAN;wireless local area network;long-lived TCP traffic flow;transmission control protocol;finite-load UDP traffic flow;user datagram protocol;throughput analysis;media access control;MAC protocol;collision avoidance mechanism;Markov chain model;Throughput;Media Access Protocol;Wireless LAN;Transport protocols;Analytical models;Wireless application protocol;Aggregates;Collision avoidance;Access protocols;Computational modeling},
doi={10.1109/TMC.2007.70718},
ISSN={1536-1233},
month={Feb},}

@techreport{scarfone2012guide,
  title={Guide to Bluetooth security},
  author={Scarfone, Karen A and Padgette, John and Chen, Lidong},
  year={2012}
}

@article{itu-t2060,
	title={Overview of the Internet of things},
	author={Telecommunication standardization sector of ITU},
	year={2012},
	eprint={ITU-T Y.4000/Y.2060}
}


% {1} https://www.doi.gov/ocio/customers/penetration-testing
% {2} https://pdfs.semanticscholar.org/8963/71dc9950a96b4e573edffaf0c22e3c8f67b8.pdf
% {3} https://ieeexplore.ieee.org/abstract/document/7452095
% {4} https://ieeexplore.ieee.org/stamp/stamp.jsp?tp=&arnumber=1392709
% {5} https://www.amazon.co.uk/Penetration-Testing-Hands-Introduction-Hacking/dp/1593275641
% {6} https://www.researchgate.net/profile/Sajid_Iqbal14/publication/307902746_THREAT_MODELLING_METHODOLOGIES_A_SURVEY/links/57d103a608ae5f03b4891979.pdf
% {7} https://ieeexplore.ieee.org/abstract/document/4420064
% {8} https://www.microsoft.com/security/blog/2009/08/27/the-threats-to-our-products/
% {9} Peeters,   Johan.   "Agile   security   requirements engineering." Symposium  on Requirements Engineering for Information Security. 2005. 
% {10} https://wiki.openstack.org/wiki/Security/OSSA-Metrics#DREAD
% {11} https://www.um.es/atica/documentos/OWASPGuide2.0.1.pdf
% {12} https://www.draw.io/
% {13} https://www.lucidchart.com/
% {14} https://www.rsaconference.com/writable/presentations/file_upload/asd-t10-securing-the-internet-of-things-mapping-iot-attack-surface-areas-with-the-owasp-iot-top-10-project.pdf
% {15} https://www.first.org/cvss/cvss-v30-specification-v1.7.pdf